@misc{fivethirtyeight_2015, title={fivethirtyeight/data}, url={https://github.com/fivethirtyeight/data/tree/master/comic-characters}, journal={GitHub}, publisher={FiveThirtyEight}, author={Fivethirtyeight}, year={2015}, month={Mar}} 

@misc{walthickey_2017, title={Comic Books Are Still Made By Men, For Men And About Men}, url={https://fivethirtyeight.com/features/women-in-comic-books/}, journal={FiveThirtyEight}, publisher={FiveThirtyEight}, author={WaltHickey}, year={2017}, month={Apr}} 

@misc{kassambara_2017, title={MCA - Multiple Correspondence Analysis in R: Essentials}, url={http://www.sthda.com/english/articles/31-principal-component-methods-in-r-practical-guide/114-mca-multiple-correspondence-analysis-in-r-essentials/}, journal={MCA - Multiple Correspondence Analysis in R: Essentials - Articles - STHDA}, author={Kassambara}, year={2017}, month={Sep}} 


@misc{wikipedia_2018, title={Multiple correspondence analysis}, url={https://en.wikipedia.org/wiki/Multiple_correspondence_analysis}, journal={Wikipedia}, publisher={Wikimedia Foundation}, year={2018}, month={Jan}} 

@book{greenacre_2006, place={Boca Raton}, title={Multiple correspondence analysis and related methods}, publisher={Chapman and Hall/CRC}, author={Greenacre, Michael J.}, year={2006}} 
